<?xml version="1.0" encoding="UTF-8"?><collection xmlns="http://www.loc.gov/MARC21/slim"><record><leader>00607nam--2200193-u-4500</leader><controlfield tag="001">000056358</controlfield><controlfield tag="002">20161230</controlfield><controlfield tag="005">20161230201052</controlfield><controlfield tag="008">150811s1000------------r-----000-0-rus-d</controlfield><datafield ind1=" " ind2=" " tag="040"><subfield code="a">IFIN-HH</subfield></datafield><datafield ind1=" " ind2=" " tag="041"><subfield code="a">rus</subfield></datafield><datafield ind1=" " ind2=" " tag="080"><subfield code="a">531.19</subfield></datafield><datafield ind1="1" ind2=" " tag="100"><subfield code="a">Horsthemke, W</subfield></datafield><datafield ind1="1" ind2="0" tag="245"><subfield code="a">Indutirovannie shumom perehodi. teoria i primenenne v fizike, himii i biologii</subfield><subfield code="c">W. horsthemke, r. lefever</subfield></datafield><datafield ind1=" " ind2=" " tag="260"><subfield code="a">Moskva</subfield><subfield code="b">Mir</subfield><subfield code="c">1987</subfield></datafield><datafield ind1=" " ind2=" " tag="300"><subfield code="a">397P</subfield></datafield><datafield ind1=" " ind2=" " tag="500"><subfield code="a">Titlul Original In Limba Engleza: Noise-induced Transitions. Theory And Applications In Physics, Chemistry And Biology</subfield></datafield><datafield ind1="1" ind2=" " tag="700"><subfield code="a">Lefever, E</subfield></datafield><datafield ind1=" " ind2=" " tag="852"><subfield code="a">74587</subfield></datafield></record></collection>